@string{aiaaj = {AIAA J.}}

@string{apb = {Appl. Phys. B}}

@string{arb = {Annual Research Briefs}}

@string{arfm = {Ann. Rev. Fluid Mech.}}

@string{cf = {Combust. Flame}}

@string{cst = {Combust. Sci. Tech.}}

@string{ctm = {Comb. Theory Modelling}}

@string{ctr = {Center for Turbulence Research}}

@string{ftc = {Flow, Turb. Combust.}}

@string{ija = {Inter. J. Aeroacoustics}}

@string{ijhff = {Inter. J. Heat Fluid Flow}}

@string{jasa = {J. Acoust. Soc. Amer.}}

@string{jcp = {J. Comp. Phys.}}

@string{jfm = {J. Fluid Mech.}}

@string{jfs = {J. Fluids Struct.}}

@string{jpp = {J. Prop. Power}}

@string{jsv = {J. Sound Vib.}}

@string{pas = {Prog. Aerospace Sci.}}

@string{pci = {Proc. Combust. Inst.}}

@string{pecs = {Prog. Energy Combust. Sci.}}

@string{pof = {Phys. Fluids}}

@string{pofa = {Phys. Fluids A}}

@string{prsl = {Proc. R. Soc. London A}}

@string{tams = {Trans. Amer. Math. Soc.}}

@string{tcfm = {Theor. Comp. Fluid. Mech.}}


@book{ANDERSON_INTRO_TO_FLIGHT_BOOK2012,
	Author = {Anderson Jr., J. D.},
	Edition = {7th},
	Publisher = {McGraw-Hill},
	Title = {Introduction to Flight},
	Year = {2012}}

@book{ANDERSON_MODERN_COMPRESS_FLOWS_BOOK2004,
	Author = {Anderson Jr., J. D.},
	Edition = {7th},
	Publisher = {McGraw-Hill},
	Title = {Modern Compressible Flow: With Historical Perspective},
	Year = {2004}}

@book{HILL_PETERSON_BOOK1992,
	Author = {Hill, P. and Peterson, C.},
	Publisher = {Addison-Wesley},
	Title = {Mechanics and Thermodynamics of Propulsion},
	Year = {1992}}

@book{CENGEL_BOLES_BOOK2010,
	Author = {Cengel, Y. A. and Boles, M. A.},
	Edition = {7th},
	Publisher = {McGraw-Hill},
	Title = {Thermodynamics: An Engineering Approach},
	Year = {2010}}

@book{VINCENTI_KRUGER_BOOK1965,
	Author = {Vincenti, W. G. and Kruger, C. H.},
	Publisher = {John Wiley},
	Title = {Introduction to Physical Gas Dynamics},
	Year = {1965}}

@book{POLING_PRAUSNITZ_OCONNELL_BOOK2000,
	Author = {Poling, B. E. and Prausnitz, J. M. and O'Connell, J. P.},
	Publisher = {McGraw-Hill},
	Title = {The Properties of Gases and Liquids},
	Year = {2000}}

@techreport{MCBRIDE_ZEHE_GORDON_NASA2002,
	Author = {Mc Bride, B. J. and Zehe, M. J. and Gordon, S.},
	Institution = {NASA},
	Title = {{NASA Glenn} Coefficients for Calculating Thermodynamic Properties of Individual Species},
	Type = {{NASA/TP-2002-211556}},
	Year = {2002}}

@book{LAW_BOOK2006,
	Address = {Cambridge},
	Author = {Law, C. K.},
	Publisher = {Cambridge University Press},
	Title = {Combustion Physics},
	Year = {2006}}

@book{REYNOLDS_PERKINS_BOOK1977,
	Author = {Reynolds, W. C. and Perkins, H. C.},
	Edition = {2nd},
	Publisher = {McGraw-Hill},
	Title = {Engineering Thermodynamics},
	Year = {1977}}

@book{SUTTON_BIBLARZ_BOOK2010,
	Author = {Sutton, G. P. and Biblarz, O.},
	Publisher = {Wiley},
	Title = {Rocket Propulsion Elments},
	Year = {2010}}

@book{ROLLS_ROYCE_BOOK,
	Edition = {6th},
	Publisher = {Key Publishing},
	Title = {The Jet Engine - A Complete Overview of the Modern Gas Turbine},
	Year = {2005}}

@book{CUMPSTY_JET_BOOK1997,
	Author = {Cumpsty, N. N.},
	Publisher = {Cambridge University Press},
	Title = {Jet Propulsion - A Simple Guide to the Aerodynamic and Thermodynamic Design and Performance of Jet Engines},
	Year = {1997}}

@book{FAROKHI_BOOK2009,
	Author = {Farokhi, S.},
	Publisher = {Wiley},
	Title = {Aircraft Propulsion},
	Year = {2009}}

@book{LEFEBVRE_BOOK1999,
	Author = {Lefebvre, A. H.},
	Edition = {2nd},
	Publisher = {Taylor \& Francis},
	Title = {Gas Turbine Combustion},
	Year = {1999}}

@book{LUMLY_BOOK1999,
	Author = {Lumley, J. L.},
	Publisher = {Cambridge University Press},
	Title = {Engines-An Introduction},
	Year = {1999}}

@book{STONE_BOOK1999,
	Author = {Stone, R.},
	Edition = {3rd},
	Publisher = {Palgrave MacMillan},
	Title = {Introduction to Internal Combustion Engines},
	Year = {1999}}

@book{HEYWOOD_BOOK1988,
	Author = {Heywood, J. B.},
	Publisher = {McGraw-Hill},
	Title = {Internal Combustion Engine Fundamentals},
	Year = {1988}}

@book{HUZEL_HUANG_BOOK1992,
	Author = {Huzel, D. K. and Huang, D. H.},
	Publisher = {American Institute of Aeronautics and Astronautics},
	Title = {Modern Engineering for Design of Liquid-Propellant Rocket Engines},
	Year = {1992}}

@book{MATTINGLY_BOOK2006,
        Author = {Mattingly, J.},
        Publisher = {American Institute of Aeronautics and Astronautics},
        Title = {Gas Turbines and Rockets},
        Year = {2006}}

@book{SARAVANAMUTTOO_ROGERS_COHEN_STRAZNICKY_BOOK2008,
        Author = {Saravanamuttoo, H. I. H. and Rogers, G. F. C. and Cohen, H. and Straznicky, P. V.},
        Publisher = {Pearson Education},
        Title = {Gas Turbine Theory},
        Year = {2008}}

@article{SCHMIDT_SAE99,
	Author = {Schmidt, D. P. and Nouar, I. and Senecal, P. K. and  Rutland, C. J. and  Martin, J. K. and  Reitz, R. D.},
	Journal = {SAE Technical Paper 1999-01-0496},
	Title = {Pressure-Swirl Atomization in the Near Field},
	Year = 1999}
 
@article{SENECAL_IJMF99,
	Author = {Senecal, P. K. and Schmidt, D. P. and Nouar, I. and Rutland, C. J. and Reitz, R. D. and Corradini, M. L.},
	Journal = {Int. J. Multiphase Flow},
	Pages = {1073-1097},
	Title = {Modeling high-speed viscous liquid sheet atomization},
	Volume = 25,
	Year = 1999}

@article{OROURKE_SAE87,
	Author = {O'Rourke, P. J. and Amsden, A. A.},
	Journal = {SAE Technical Paper 872089},
	Title = {The Tab Method for Numerical Calculation of Spray Droplet Breakup},
	Year = 1987}
