%% This BibTeX bibliography file was created using BibDesk.
%% http://bibdesk.sourceforge.net/

%% Created for kgrogan at 2015-10-01 13:25:20 -0700 


%% Saved with string encoding Unicode (UTF-8) 


@string{aiaaj = {AIAA J.}}

@string{apb = {Appl. Phys. B}}

@string{arb = {Annual Research Briefs}}

@string{arfm = {Ann. Rev. Fluid Mech.}}

@string{arpc = {Ann. Rev. Phys. Chem.}}

@string{cf = {Combust. Flame}}

@string{cst = {Combust. Sci. Tech.}}

@string{ctm = {Comb. Theory Modelling}}

@string{ctr = {Center for Turbulence Research}}

@string{ftc = {Flow, Turb. Combust.}}

@string{ija = {Inter. J. Aeroacoustics}}

@string{jasa = {J. Acoust. Soc. Amer.}}

@string{jca = {J. Comp. Acoustics}}

@string{jcp = {J. Comp. Phys.}}

@string{jfm = {J. Fluid Mech.}}

@string{jht = {J. Heat Transfer}}

@string{jpp = {J. Prop. Power}}

@string{jsv = {J. Sound Vib.}}

@string{pas = {Prog. Aerospace Sci.}}

@string{pci = {Proc. Combust. Inst.}}

@string{pecs = {Prog. Energy Combust. Sci.}}

@string{pof = {Phys. Fluids}}

@string{pofa = {Phys. Fluids A}}

@string{prsl = {Proc. R. Soc. London A}}

@string{psts = {Proc. Shock Tube Symp.}}

@string{sw = {Shock Waves}}

@string{tams = {Trans. Amer. Math. Soc.}}

@string{tcfm = {Theor. Comp. Fluid. Mech.}}


@article{MANSFIELD_CF2014,
	Author = {Mansfield, A. and Wooldridge, M. S.},
	Date-Added = {2015-09-29 18:21:00 +0000},
	Date-Modified = {2015-09-29 18:21:00 +0000},
	Journal = {Combust. Flame},
	Pages = {2242-2251},
	Title = {High-pressure low-temperature ignition behavior of syngas mixtures},
	Volume = {161},
	Year = {2014}}

@article{Grogan:2015cnf,
	Author = {Grogan, K. and Goldsborough, S. S. and Ihme, M.},
	Date-Added = {2015-09-29 17:13:15 +0000},
	Date-Modified = {2015-09-29 17:14:31 +0000},
	Journal = {Combust. Flame},
	Number = {8},
	Pages = {3071--3080},
	Title = {Ignition regimes in rapid compression machines},
	Volume = {162},
	Year = {2015}}

@article{Fotia:2015aa,
	Author = {Fotia, M. L. and Schauer, F. and Kaemming, T. and Hoke, J.},
	Booktitle = {53rd AIAA Aerospace Sciences Meeting. Kissimmee, Fl},
	Date = {2015},
	Date-Added = {2015-09-25 17:07:33 +0000},
	Date-Modified = {2015-09-25 17:09:10 +0000},
	Journal = {AIAA Paper 2015-0631},
	Title = {Study of the Experimental Performance of a Rotating Detonation Engine with Nozzled Exhaust Flow},
	Year = {2015}}

@article{Rankin:2015aa,
	Author = {Rankin, B. A. and Fotia, M. L. and Paxson, D. and Hoke, J. and Schauer, F.},
	Booktitle = {53rd AIAA Aerospace Sciences Meeting. Kissimmee, Fl},
	Date = {2015},
	Date-Added = {2015-09-25 17:03:57 +0000},
	Date-Modified = {2015-09-25 17:06:01 +0000},
	Journal = {AIAA Paper 2015-0877},
	Title = {Experimental and Numerical Evaluation of Pressure Gain Combustion in a Rotating Detonation Engine},
	Year = {2015}}

@article{Ishii:2007sw,
	Author = {Ishii, K. and Kojima, M.},
	Date-Added = {2015-09-24 17:53:25 +0000},
	Date-Modified = {2015-09-24 17:54:34 +0000},
	Journal = {Shock Waves},
	Pages = {95-102},
	Title = {Behavior of detonation propagation in mixtures with concentration gradients},
	Volume = {17},
	Year = {2007}}

@article{Nordeen:2015sw,
	Author = {Nordeen, C.A. and Schwer, D. and Schauer, F. and Hoke, J. and Barber, T. J. and Cetegen, B.M},
	Date-Added = {2015-09-23 21:14:51 +0000},
	Date-Modified = {2015-09-23 21:20:15 +0000},
	Journal = {Shock Waves},
	Title = {Role of inlet reactant mixedness on the thermodynamic performance of a rotating detonation engine},
	Year = {2015}}

@article{McGahan:2014aa,
	Author = {McGahan, C. and Tom, B. and Caswell, A. and Gord, J. and Schauer, F. and Hoke, J.},
	Date = {2014},
	Date-Added = {2014-11-12 06:48:11 +0000},
	Date-Modified = {2014-11-12 07:42:16 +0000},
	Journal = {AIAA Paper 2014-0391},
	Title = {Exhaust Gas Analysis of a Rotating Detonation Engine using Tunable Diode Laser Absorption Spectroscopy},
	Year = {2014}}

@article{Paxson:2014aa,
	Author = {Paxson, D.},
	Date = {2014},
	Date-Added = {2014-11-11 08:31:47 +0000},
	Date-Modified = {2014-11-12 07:37:16 +0000},
	Journal = {AIAA Paper 2014-0284},
	Title = {Numerical Analysis of a Rotating Detonation Engine in the Relative Reference Frame},
	Year = {2014}}

@article{Grogan:AIAA2014,
	Author = {Grogan, K. and Wang, Q. and Ihme, M.},
	Date-Added = {2014-11-11 07:58:51 +0000},
	Date-Modified = {2015-10-01 20:21:56 +0000},
	Journal = {AIAA Paper 2014-0414},
	Title = {Modeling gas dynamic effects in shock-tubes for reaction kinetic measurements},
	Year = {2014}}

@article{Daniau:2005aa,
	Author = {Daniau, E. and Falempin, F. and Zhdan, S.},
	Date-Added = {2014-11-11 05:14:54 +0000},
	Date-Modified = {2014-11-12 07:40:56 +0000},
	Journal = {AIAA Paper 2005-3233},
	Title = {Pulsed and rotating detonation propulsion systems: First step toward operational engines},
	Year = {2005}}

@article{Naples:2013aa,
	Author = {Naples, A. and Hoke, J. and Karnesky, J. and Schauer, F.},
	Booktitle = {51st AIAA Aerospace Sciences Meeting. Dallas, TX},
	Date = {2013},
	Date-Added = {2014-11-11 02:14:40 +0000},
	Date-Modified = {2014-11-12 07:40:32 +0000},
	Journal = {AIAA Paper 2013-0278},
	Title = {Flowfield Characterization of a Rotating Detonation Engine},
	Year = {2013}}

@article{Grogan:aa,
	Author = {Grogan, K. and Ihme, M.},
	Date-Added = {2014-11-10 04:38:24 +0000},
	Date-Modified = {2015-10-01 20:25:19 +0000},
	Doi = {http://dx.doi.org/10.1016/j.proci.2014.07.074},
	Isbn = {1540-7489},
	Journal = {Proceedings of the Combustion Institute},
	Keywords = {Shock-tube; Weak ignition; Heat transfer; SWACER; DDT},
	Number = {2},
	Pages = {2181--2189},
	Title = {Weak and strong ignition of hydrogen/oxygen mixtures in shock-tube systems},
	Ty = {JOUR},
	Url = {http://www.sciencedirect.com/science/article/pii/S1540748914003848},
	Volume = {35},
	Year = {2014},
	Bdsk-Url-1 = {http://www.sciencedirect.com/science/article/pii/S1540748914003848},
	Bdsk-Url-2 = {http://dx.doi.org/10.1016/j.proci.2014.07.074}}

@article{Theofilis:2004aa,
	Author = {Theofilis, V. and Colonius, T.},
	Date-Added = {2014-11-10 04:36:24 +0000},
	Date-Modified = {2014-11-12 07:38:44 +0000},
	Journal = {AIAA Paper 2004-2544},
	Title = {Three-dimensional instabilities of compressible flow over open cavities: direct solution of the biglobal eigenvalue problem},
	Year = {2004}}

@article{Schwer:2011aa,
	Author = {Schwer, D. and Kailasanath, K.},
	Date = {2011///},
	Date-Added = {2014-11-10 04:03:50 +0000},
	Date-Modified = {2014-11-11 06:56:27 +0000},
	Doi = {http://dx.doi.org/10.1016/j.proci.2010.07.050},
	Isbn = {1540-7489},
	Journal = {Proceedings of the Combustion Institute},
	Keywords = {Rotating-detonation-engine; Detonation; Hydrogen--air; Numerical simulations; Performance},
	Number = {2},
	Pages = {2195--2202},
	Title = {Numerical investigation of the physics of rotating-detonation-engines},
	Ty = {JOUR},
	Url = {http://www.sciencedirect.com/science/article/pii/S1540748910003159},
	Volume = {33},
	Year = {2011},
	Bdsk-Url-1 = {http://www.sciencedirect.com/science/article/pii/S1540748910003159},
	Bdsk-Url-2 = {http://dx.doi.org/10.1016/j.proci.2010.07.050}}

@article{Zhdan:2007aa,
	Author = {Zhdan, S. A. and Bykovskii, F. A. and Vedernikov, E. F.},
	Booktitle = {Combustion, Explosion, and Shock Waves},
	Da = {2007/07/01},
	Date-Added = {2014-11-10 04:01:47 +0000},
	Date-Modified = {2014-11-12 07:36:28 +0000},
	Doi = {10.1007/s10573-007-0061-y},
	Isbn = {0010-5082},
	J2 = {Combust Explos Shock Waves},
	Journal = {Combustion, Explosion, and Shock Waves},
	Keywords = {continuous detonation; combustor; transverse detonation waves; flow structure; mathematical modeling},
	La = {English},
	Number = {4},
	Pages = {449-459},
	Publisher = {Springer US},
	Title = {Mathematical modeling of a rotating detonation wave in a hydrogen-oxygen mixture},
	Ty = {JOUR},
	Url = {http://dx.doi.org/10.1007/s10573-007-0061-y},
	Volume = {43},
	Year = {2007},
	Bdsk-Url-1 = {http://dx.doi.org/10.1007/s10573-007-0061-y}}

@article{Kindracki:2011aa,
	Author = {Kindracki, J. and Wola{\'n}ski, P. and Gut, Z.},
	Booktitle = {Shock Waves},
	Da = {2011/04/01},
	Date-Added = {2014-11-10 03:56:14 +0000},
	Date-Modified = {2014-11-12 07:35:12 +0000},
	Doi = {10.1007/s00193-011-0298-y},
	Isbn = {0938-1287},
	J2 = {Shock Waves},
	Journal = {Shock Waves},
	Keywords = {Rotating detonation; RDE engine},
	La = {English},
	Number = {2},
	Pages = {75-84},
	Publisher = {Springer-Verlag},
	Title = {Experimental research on the rotating detonation in gaseous fuels--oxygen mixtures},
	Ty = {JOUR},
	Url = {http://dx.doi.org/10.1007/s00193-011-0298-y},
	Volume = {21},
	Year = {2011},
	Bdsk-Url-1 = {http://dx.doi.org/10.1007/s00193-011-0298-y}}

@article{Hishida:2009aa,
	Author = {Hishida, M.and Fujiwara, T. and Wolanski, P.},
	Da = {2009/04/01},
	Date-Added = {2014-11-10 03:54:13 +0000},
	Date-Modified = {2014-11-12 07:34:23 +0000},
	Doi = {10.1007/s00193-008-0178-2},
	Isbn = {0938-1287},
	J2 = {Shock Waves},
	Journal = {Shock Waves},
	Keywords = {Rotating detonation; Unconfined detonation; Detonation wavelet; Kelvin--Helmholtz instability; Unburnt pocket; Standing detonation; 47.40.Rs},
	La = {English},
	Number = {1},
	Pages = {1-10},
	Publisher = {Springer-Verlag},
	Title = {Fundamentals of rotating detonations},
	Ty = {JOUR},
	Url = {http://dx.doi.org/10.1007/s00193-008-0178-2},
	Volume = {19},
	Year = {2009},
	Bdsk-Url-1 = {http://dx.doi.org/10.1007/s00193-008-0178-2}}

@article{Kailasanath:2000aa,
	Annote = {doi: 10.2514/2.1156},
	Author = {Kailasanath, K.},
	Booktitle = {AIAA Journal},
	Da = {2000/09/01},
	Date = {2000/09/01},
	Date-Added = {2014-11-10 03:52:32 +0000},
	Date-Modified = {2014-11-12 07:33:39 +0000},
	Doi = {10.2514/2.1156},
	Isbn = {0001-1452},
	Journal = {AIAA Journal},
	Journal1 = {AIAA Journal},
	M3 = {doi: 10.2514/2.1156},
	Number = {9},
	Pages = {1698--1708},
	Publisher = {American Institute of Aeronautics and Astronautics},
	Title = {Review of Propulsion Applications of Detonation Waves},
	Ty = {JOUR},
	Url = {http://dx.doi.org/10.2514/2.1156},
	Volume = {38},
	Year = {2000},
	Year1 = {2000},
	Bdsk-Url-1 = {http://dx.doi.org/10.2514/2.1156}}

@article{TED_FSI_REVIEW,
	Author = {Belytschko T.},
	Date-Added = {2014-02-27 20:55:26 +0000},
	Date-Modified = {2014-02-27 21:05:08 +0000},
	Journal = {Computers \& Structures},
	Number = {4},
	Pages = {459--469},
	Title = {Fluid-structure interaction},
	Volume = {12},
	Year = {1980}}

@article{SHEPHERD_2009_STRUCT_DETON,
	Author = {Shepherd, J. E.},
	Date-Added = {2014-02-27 19:54:46 +0000},
	Date-Modified = {2014-02-27 19:56:05 +0000},
	Journal = {J. Pressure Vessel Technol.},
	Number = {3},
	Pages = {031204},
	Title = {Structural Response of Piping to Internal Gas Detonation},
	Volume = {131},
	Year = {2009}}

@article{YULV_2014_PCI,
	Author = {Lv, Y. and Ihme, M.},
	Date-Added = {2014-02-27 18:22:09 +0000},
	Date-Modified = {2014-02-27 18:24:00 +0000},
	Journal = {Proceedings of the Combustion Institute},
	Pages = {submitted},
	Title = {Computational Analysis of Re-ignition and Re-initiation Mechanisms of Quenched Detonation Waves Behind a Backward Facing Step},
	Year = {2014}}

@article{RALF_AMROC_CODE,
	Author = {Deiterding, R.},
	Date-Modified = {2014-11-11 23:34:30 +0000},
	Title = {{AMROC} - Blockstructured Adaptive Mesh Refinement in Object-Oriented {C}++},
	Url = {Available at http://amroc.sourceforge.net, 2008},
	Bdsk-Url-1 = {Available%20at%20http://amroc.sourceforge.net,%202008}}

@article{DGLIMITER,
	Author = {Zhong, X. and Shu, C.-W},
	Date-Added = {2013-11-27 18:36:24 +0000},
	Date-Modified = {2013-11-27 18:40:09 +0000},
	Journal = JCP,
	Pages = {397-415},
	Title = {A simple weighted essentially nonoscillatory limiter for {Runge-Kutta} discontinuous {Galerkin} methods},
	Volume = {232},
	Year = {2013}}

@techreport{SHOCK_DETON_TOOLBOX,
	Author = {Browne, S. and Ziegler, J. and Shepherd, J. E.},
	Date-Added = {2013-11-27 17:13:24 +0000},
	Date-Modified = {2013-11-27 17:14:08 +0000},
	Institution = {Graduate Aeronautical Laboratories, California Institute of Technology},
	Title = {Numerical solution methods for shock and detonation jump conditions},
	Type = {{Technical Report FM2006-006}},
	Year = {2008}}

@article{RADU_IRREGULAR_2005,
	Author = {Radulescu, M. I. and Sharpe, G. J. and Lee, J. H. S. and Kiyanda, C. B. and Higgins, A. J. and Hanson, R. K.},
	Journal = PCI,
	Number = {1},
	Pages = {1859--1867},
	Title = {The ignition mechanism in irregular structure gaseous detonations},
	Volume = {30},
	Year = {2005}}

@book{BENDOR_SHOCK_REFLEX,
	Author = {Ben-Dor, G.},
	Publisher = {Springer},
	Title = {Shock Wave Reflection Phenomena},
	Year = {2007}}

@article{ORAN_IGNITION_CF_1982,
	Author = {Oran, E. S. and Young, T. R. and Boris, J. P. and Cohen, A.},
	Journal = CF,
	Pages = {135-148},
	Title = {Weak and Strong Ignition. {I.} {Numerical} Simulations of Shock Tube Experiments},
	Volume = {48},
	Year = {1982}}

@inproceedings{ORAN_PIAA_1993,
	Author = {Oran, E. S. and Boris, J. P. and Jones, D. A. and Sichel, M.},
	Booktitle = {Dynamic Aspects of Detonations},
	Editor = {Kuhl, A. L.},
	Journal = {Progress in Astronautics and Aeronautics},
	Pages = {241-252},
	Title = {Ignition in a complex {Mach} structure},
	Volume = {153},
	Year = {1993}}

@article{Yu_AIAACFD_2013,
	Author = {Lv, Y. and Ihme, M.},
	Journal = {AIAA 2013-3067},
	Title = {Discontinuous {Galerkin} Method for Compressible Viscous Reacting Flow},
	Year = {2013}}

@article{WANG_REFLECT_2007,
	Author = {Wang, C. J. and Xu, S. L.},
	Journal = SW,
	Pages = {247-256},
	Title = {Re-initiation phenomenon of gaseous detonation induced by shock reflection},
	Volume = {16},
	Year = {2007}}

@article{HU_ZHANG_KHOO_JIANG_SW2004,
	Author = {Hu, X. Y. and Zhang, D. L. and Khoo, B. C. and Jiang, Z. L.},
	Journal = SW,
	Pages = {37-44},
	Title = {The structure and evolution of a two-dimensional {H2/O2/Ar} cellular detonation},
	Volume = {14},
	Year = {2004}}

@article{JONES_REFLECT_1995,
	Author = {Jones, D. A. and Sichel, M. and Oran, E. S.},
	Journal = sw,
	Pages = {47-57},
	Title = {Reignition of detonations by reflected shocks},
	Volume = {5},
	Year = {1995}}

@article{ORAN_WAKE_2002,
	Author = {Gamezo, V. N. and Khokhlov, A. M. and Oran, E. S.},
	Journal = PCI,
	Number = {1},
	Pages = {2803-2808},
	Title = {Effects of wakes on shock-flame interactions and deflagration-to-detonation transition},
	Volume = {29},
	Year = {2002}}

@article{TSUBOI_KATOH_HAYASHI_PCI29,
	Author = {Tsuboi, N. and Katoh, S. and Hayashi, K.},
	Journal = PCI,
	Pages = {2783-2788},
	Title = {Three-dimensional numerical simulation for hydrogen/air detonation: {Rectangular} and diagonal structures},
	Volume = {29},
	Year = {2002}}

@article{SORIN_DIFF_2009,
	Author = {Sorin, R. and Zitoun, R. and Khasainov, B. and Desbords, D.},
	Journal = SW,
	Pages = {11-23},
	Title = {Detonation diffraction through different geometries},
	Volume = {19},
	Year = {2009}}

@article{OBARA_SLITPLATE_2008,
	Author = {Obara, T. and Sentanuhady, J. and Tsukada, Y. and Ohyagi, S.},
	Journal = SW,
	Pages = {117-127},
	Title = {Re-initiation process of detonation wave behind a slit-plate},
	Volume = {18},
	Year = {2008}}

@article{ROHIT_2013_PCI,
	Author = {Bhattacharjee, R. R. and Lau-Chapdelaine, S. S. M. and Maines, G. and Maley, L. and Radulescu, M. I.},
	Journal = PCI,
	Number = {1},
	Pages = {1893-1901},
	Title = {Detonation re-initiation mechanism following the {Mach} reflection of a quenched detonation},
	Volume = {34},
	Year = {2013}}

@mastersthesis{ROHIT_MASTER_THESIS,
	Author = {Bhattacharjee R. R.},
	School = {University of Ottawa},
	Title = {Experimental investigation of detonation re-initiation mechanisms following a {Mach} reflection of a quenched detonation},
	Year = {2013}}

@article{QUASIDETON_TEODOR_1989,
	Author = {Teodorczyk, A. and Lee, J. H. S. and Knystautas, R.},
	Journal = {Symposium (International) on Combustion},
	Number = {1},
	Pages = {1723--1731},
	Title = {Propagation mechanism of quasi-detonations},
	Volume = {22},
	Year = {1989}}

@article{DETON_SIZE_PREDICT,
	Author = {Gavrikova, A. I. and Efimenkoa, A. A. and Dorofeev, S. B.},
	Date-Added = {2013-10-25 20:44:59 +0000},
	Date-Modified = {2013-12-04 09:05:31 +0000},
	Journal = {Combust. Flame},
	Number = {1-2},
	Pages = {19-33},
	Title = {A model for detonation cell size prediction from chemical kinetics},
	Volume = {120},
	Year = {2000}}

@article{AR_CASE_SIZE_MEAURE,
	Author = {Anderson, T. J. and Dabora, E. K.},
	Date-Added = {2013-10-25 20:41:58 +0000},
	Date-Modified = {2013-10-25 20:44:18 +0000},
	Journal = {Symposium (International) on Combustion},
	Number = {1},
	Pages = {1853-1860},
	Title = {Measurements of normal detonation wave structure using {Rayleigh} imaging},
	Volume = {24},
	Year = {1992}}

@phdthesis{N2_CASE_SIZE_MEASURE,
	Author = {Kaneshige, M. J.},
	Date-Added = {2013-10-25 20:39:25 +0000},
	Date-Modified = {2013-10-25 20:40:30 +0000},
	School = {California Institute of Technology},
	Title = {Gaseous Detonation Initiation and Stabilization by Hypervelocity Projectiles},
	Year = {1999}}

@article{PINTGEN_DIFFRACT_2009,
	Author = {Pintgen, F. and Shepherd, J. E.},
	Journal = CF,
	Number = {3},
	Pages = {665-677},
	Title = {Detonation diffraction in gases},
	Volume = {156},
	Year = {2009}}

@article{LEE_DIFFRACT_1979,
	Author = {Matsui, H. and Lee, J. H.},
	Date-Added = {2013-10-25 00:09:33 +0000},
	Date-Modified = {2013-10-25 00:12:21 +0000},
	Journal = {Symposium (International) on Combustion},
	Number = {1},
	Pages = {1269--1280},
	Title = {On the measure of the relative detonation hazards of gaseous fuel-oxygen and air mixtures},
	Volume = {17},
	Year = {1979}}

@article{Burke_highpressure_chem,
	Author = {Burke, M. P. and Chaos, M. and Ju, Y. and Dryer, F. L. and Klippenstein, S. J.},
	Journal = {Int. J. Chem. Kinet.},
	Number = {7},
	Pages = {444-474},
	Title = {Comprehensive {H2/O2} kinetic model for high-pressure combustion},
	Volume = {44},
	Year = {2012}}

@article{Obara_backfacingstep_ShockWaves,
	Author = {Ohyagi, S. and Obara, T. and Hoshi, S. and Cai, P. and Yoshihashi, T.},
	Journal = SW,
	Pages = {221-226},
	Title = {Diffraction and re-initiation of detonations behind a backward-facing step},
	Volume = {12},
	Year = {2002}}

@article{RADU_JFM_ONESTEP_DESIGN,
	Author = {Radulescu, M. I. and Maxwell, B. M.},
	Date-Added = {2013-09-30 00:02:38 +0000},
	Date-Modified = {2013-09-30 00:07:49 +0000},
	Journal = {JFM},
	Pages = {96-134},
	Title = {The mechanism of detonation attenuation by a porous medium and its subsequent re-initiation},
	Volume = {667},
	Year = {2011}}

@misc{CANTERA,
	Address = {California Institute of Technology, Pasadena},
	Author = {Goodwin, D.},
	Howpublished = {Available at \url{http://code.google.com/p/cantera}},
	Title = {Cantera: {An} object-oriented software toolkit for chemical kinetics, thermodynamics, and transport processes},
	Year = {2009}}

@article{WILLIAMS_REVIEW_PREMIX_1971,
	Author = {Williams, F. A.},
	Date-Added = {2013-08-29 00:37:14 +0000},
	Date-Modified = {2013-08-29 00:39:24 +0000},
	Journal = {Annual Review of Fluid Mechanics},
	Pages = {171-188},
	Title = {Theory of combustion in laminar flow},
	Volume = {3},
	Year = {1971}}

@article{BORGHI_PREMIX_REVIEW_1988,
	Author = {R. Borghi},
	Date-Added = {2013-08-29 00:33:54 +0000},
	Date-Modified = {2013-08-29 00:35:22 +0000},
	Journal = {Progress in Energy and Combustion Science},
	Number = {4},
	Pages = {245--292},
	Title = {Turbulent combustion modelling},
	Volume = {14},
	Year = {1988}}

@article{Pintgen_DETON_CF_2003,
	Author = {Pintgena, F. and Ecketta, C.A. and Austina, J.M. and Shepherd, J.E.},
	Date-Added = {2013-08-24 21:16:38 +0000},
	Date-Modified = {2013-08-24 21:18:12 +0000},
	Journal = {Combustion and Flame},
	Number = {3},
	Title = {Direct observations of reaction zone structure in propagating detonations},
	Volume = {133},
	Year = {2003}}

@article{Bell_PCI_2007,
	Author = {Bell, J. B. and Cheng, R. K. and Day, M. S. and Shepherd, I. G.},
	Date-Added = {2013-08-23 23:43:00 +0000},
	Date-Modified = {2013-08-23 23:44:44 +0000},
	Journal = {Proceedings of the Combustion Institute},
	Number = {1},
	Pages = {1309--1317},
	Title = {Numerical simulation of Lewis number effects on lean premixed turbulent flames},
	Volume = {31},
	Year = {2007}}

@article{Matalon_PCI_2009,
	Author = {Matalon, M},
	Date-Added = {2013-08-23 23:17:32 +0000},
	Date-Modified = {2013-08-23 23:19:06 +0000},
	Journal = {Proceedings of the Combustion Institute},
	Number = {1},
	Pages = {57--82},
	Title = {Flame dynamics},
	Volume = {32},
	Year = {2009}}

@article{sample,
	Number = 2,
	Pages = {2-3},
	Volume = 2,
	Year = 2}

@article{FEDKIW_ASLAM_MERRIMAN_OSHER_JCP1999,
	Author = {Fedkiw, R. P. and Aslam, T. and Merriman, B. and Osher, S.},
	Journal = JCP,
	Pages = {457-492},
	Title = {A non-oscillatory {Eulerian} approach to interface in multimaterial flows (the Ghost Fluid Method)},
	Volume = 152,
	Year = 1999}

@article{HWANG_FEDKIW_MERRIMAN_ASLAM_KARAGOZIAN_OSHER_CTM2000,
	Author = {Hwang, P. and Fedkiw, R. P. and Merriman, B. and Aslam, T. D. and Karagozian, A. R. and Osher, S. J.},
	Journal = CTM,
	Pages = {217-240},
	Title = {Numerical resolution of pulsating detonation waves},
	Volume = 4,
	Year = 2000}

@article{RANJAN_OAKLEY_BONAZZA_ARFM2011,
	Author = {Ranjan, D. and Oakley, J. and Bonazza, R.},
	Journal = ARFM,
	Pages = {117-140},
	Title = {Shock-bubble interactions},
	Volume = 43,
	Year = 2011}

@article{Comstab1,
	Author = {Angelberger, C. and Veynante D. and Egolfopoulo, F.},
	Journal = {Flow, Turbulence and Combustion},
	Number = 2,
	Pages = {205-222},
	Title = {LES of chemical and acoustic forcing of a premixed dump combustor},
	Volume = 65,
	Year = 2000}

@article{HARTEN_LAX_VANLEER_SIAMR1983,
	Author = {Harten, A. and Lax, P. D. and van Leer, B.},
	Journal = {SIAM Review},
	Pages = {35-61},
	Title = {On upstream differencing and Godunov-type schemes for hyperbolic conservation laws},
	Volume = {25},
	Year = {1983}}

@article{TORO_HLLC_1994,
	Author = {Toro, E.F. and Spruce, M. and Speares, W.},
	Journal = {Shock Waves},
	Pages = {25-34},
	Title = {Restoration of the contact surface in the HLL-Riemann solver},
	Volume = {4},
	Year = {1994}}

@article{Comstab2,
	Author = {Shinjo, J. and Mizobuchi Y. and Ogawa, S.},
	Journal = {High Performance Computing},
	Pages = {234-244},
	Title = {LES of unstable combustion in a gas turbine combustor},
	Volume = 2858,
	Year = 2003}

@techreport{Comstab3,
	Address = {Stanford, CA},
	Author = {Wall, C. T. and Moin, P.},
	Institution = {Stanford University},
	Title = {Numerical methods for large eddy simulation of acoustic combustion instabilities},
	Type = {Technical Report TF-91},
	Year = 2005}

@article{pollut,
	Author = {Eggenspieler, G. and Menon, S.},
	Journal = {Journal of Propulsion and Power},
	Number = 6,
	Pages = {1076-1085},
	Title = {Large-eddy simulation of pollutant emission in a DOE-HAT combust or},
	Volume = 20,
	Year = 2004}

@article{recip,
	Author = {Haworth, D. and Jansen, K.},
	Journal = {Computer \& Fluids},
	Number = 5,
	Pages = {493-524},
	Title = {Large-eddy simulation on unstructured deforming meshes: towards reciprocating IC engines},
	Volume = 29,
	Year = 2000}

@article{gasturb1,
	Author = {Selle, L. and Lartigue, G. and Poinsot, T. and Koch, R. and Schildmacher, K. and et al.},
	Journal = {Combustion and Flame},
	Number = 4,
	Pages = {489-505},
	Title = {Compressible large eddy simulation of turbulent combustion in complex geometry on unstructured meshes},
	Volume = 137,
	Year = 2004}

@article{gasturb2,
	Author = {Sommerer, Y. and Galley, D. and Poinsot, T. and Ducruix, S. and Lacas, F. and Veynante, D.},
	Journal = {Journal of Turbulence},
	Pages = {037},
	Title = {Large eddy simulation and experimental study of flashback and blow-off in a lean partially premixed swirled burner},
	Volume = 5,
	Year = 2004}

@article{gasturb3,
	Author = {Stone, C. and Menon, S.},
	Journal = {Journal of Turbulence},
	Pages = {020},
	Title = {Open-loop control of combustion instabilities in a model gas turbine combustor},
	Volume = 4,
	Year = 2003}

@article{aireng1,
	Author = {Di Mare, F. and Jones, W. and Menzies, K.},
	Journal = {Combustion and Flame},
	Number = 3,
	Pages = {278-294},
	Title = {Large eddy simulation of a model gas turbine combustor},
	Volume = 137,
	Year = 2004}

@article{aireng2,
	Author = {Kim, W. and Menon, S. and Mongia, H.},
	Journal = {Combustion Science and Technolog},
	Number = {1-6},
	Pages = {25},
	Title = {Large-eddy simulation of a gas turbine combustor flow},
	Volume = 143,
	Year = 1999}

@article{aireng3,
	Author = {Moin, P.},
	Journal = {International Journal of Heat Fluid Flow},
	Number = 5,
	Pages = {710-720},
	Title = {Advances in large eddy simulation methodology for complex flows},
	Volume = 23,
	Year = 2002}

@incollection{turner:64a,
	Address = {New York},
	Author = {M. J. Turner and H. C. Martin and R. C. Leible},
	Booktitle = {Matrix Methods of Structural Analysis},
	Edition = {1st},
	Pages = {203-266},
	Publisher = {Macmillian},
	Title = {Further Development and Applications of Stiffness Methods},
	Volume = 1,
	Year = 1964}

@article{bhutta:90jsr,
	Author = {B. A. Bhutta and C. H. Lewis},
	Journal = {Journal of Spacecraft and Rockets},
	Note = {also AIAA Paper 89--0269, Jan. 1989},
	Number = 2,
	Pages = {194-204},
	Title = {Large-Angle-of-Attack Vicous Hypersonic Flows over Complex Lifting Configurations},
	Volume = 27,
	Year = 1990}

@incollection{blottner:70cp,
	Author = {F. G. Blottner},
	Booktitle = {The Entry Plasma Sheath and Its Effects},
	Month = oct,
	Pages = {219--240},
	Title = {Prediction of Electron Density in the Boundary Layer of Entry Vehicles with Ablation},
	Type = {NASA SP--252},
	Volume = 1,
	Year = 1970}

@inproceedings{wirin:90cp,
	Address = {Wahington, DC},
	Author = {W. B. Wirin},
	Booktitle = {Proceedings of the Thrity-Second Colloquium on the Law of Outer Space},
	Pages = {184--196},
	Publisher = {AIAA},
	Title = {Space Debris 1989},
	Year = 1990}

@techreport{bhutta:90vra,
	Address = {Blacksburg, VA},
	Author = {B. A. Bhutta and C. H. Lewis},
	Institution = {VRA, Inc.},
	Month = jun,
	Title = {PNS Predictions of External/Internal Hypersonic Flows for NASP Propulsion Applications},
	Type = {VRA--TR--90--01},
	Year = 1990}

@techreport{miner:75ncr,
	Author = {E. W. Miner and C. H. Lewis},
	Month = may,
	Title = {Hypersonic Ionizing Air Viscous Shock-Layer Flows over Nonanlytic Blunt Bodies},
	Type = {NASA CR--2250},
	Year = 1975}

@techreport{bhutta:90cp,
	Author = {B. A. Bhutta and C. H. Lewis},
	Month = aug,
	Title = {Aerothermodynamic Performance of 3-D and Bent-Nose RVs Hypersonic Conditions},
	Type = {AIAA Paper 90--3068},
	Year = 1990}

@incollection{sutton:85ar,
	Address = {New York},
	Author = {K. Sutton},
	Booktitle = {Thermal Design of Aeroassisted Orbital Transfer Vehicles},
	Editor = {H. F. Nelson},
	Pages = {419--441},
	Publisher = {AIAA},
	Title = {Air Radiation Revisted},
	Type = {Progress in Astronautics and Aeronautics},
	Volume = 96,
	Year = 1985}

@techreport{anon:53,
	Author = {Anon.},
	Title = {Equations, Tables, and Charts for Compressible Flow},
	Type = {NACA Rept.~1135},
	Year = 1953}

@misc{moss:90pc,
	Author = {J. N. Moss},
	Howpublished = {private communication, NASA Langley Research Center, Hampton, VA},
	Month = jun,
	Year = 1990}

@book{Strang,
	Author = {LeVeque, R. J.},
	Publisher = {Cambridge: Cambridge University Press},
	Title = {Finite volume methods for hyperbolic problems},
	Year = 2002}

@incollection{BASSI_REBAY_2000,
	Author = {Bassi, F. and Rebay, S.},
	Booktitle = {Discontinuous Galerkin Methods: Theory, Computation and Applications},
	Editor = {Cockburn, B. and Karniadakis, G. E. and Shu, C.-W.},
	Pages = {197-208},
	Publisher = {Springer-Verlag},
	Title = {{GMRES} discontinuous {Galerkin} solution of the compressible {Navier-Stokes} equations},
	Year = 2000}

@article{BILLET_ABGRALL_JCP2003,
	Author = {Billet, G. and Abgrall, R.},
	Journal = {Comput. Fluids},
	Pages = {1473-1495},
	Title = {An adaptive shock-capturing algorithm for solving unsteady reactive flows},
	Volume = 32,
	Year = 2003}

@article{BILLET_RYAN_JCP2011,
	Author = {Billet, G. and Ryan, J.},
	Journal = JCP,
	Number = 4,
	Pages = {1064-1083},
	Title = {A {Runge-Kutta} discontinuous {Galerkin} approach to solve reactive flows: {The} hyperbolic operator},
	Volume = 230,
	Year = 2011}

@article{WESTBROOK_CF1982,
	Author = {Westbrook, C. K.},
	Journal = CF,
	Pages = {191-210},
	Title = {Chemical kinetics of hydrocarbon oxidation in gaseous detonations},
	Volume = 46,
	Year = 1982}

@article{TVBlim,
	Author = {Cockburn, B. and Shu, C. W.},
	Journal = JCP,
	Pages = {90-113},
	Title = {{TVB} {Runge-Kutta} local projection discontinuous {Galerkin} finite element method for conservation laws {III}: {One} dimensional systems},
	Volume = 84,
	Year = 1989}

@article{TVBlim2D,
	Author = {Cockburn, B. and Shu, C. W.},
	Journal = JCP,
	Pages = {199-224},
	Title = {The {Runge-Kutta} discontinuous {Galerkin} method for conservation laws {V}: {Multidimensional} systems},
	Volume = 141,
	Year = 1998}

@misc{Ralfdata,
	Author = {Deiterding, R.},
	Howpublished = {Ph.D. Thesis, Branderburg University of Technology Cottbus},
	Title = {Parallel adaptive simulation of multi-dimensional detonation structures},
	Year = 2003}

@misc{shockdata,
	Author = {John, J.E.A.},
	Howpublished = {(second ed.)Prentice Hall, Upper Saddle River, NJ},
	Title = {Gas Dynamics},
	Year = 1984}

@techreport{REED_HILL_1973,
	Author = {Reed, W. H. and Hill, T. R.},
	Institution = {Los Alamos Scientific Laboratory},
	Title = {Triangular mesh methods for the neutron transport equation},
	Type = {{LA-UR-73-479}},
	Year = {1973}}

@article{MUSCL_SCHEME,
	Author = {Van Leer, B.},
	Journal = {Journal of Computational Physics},
	Number = 1,
	Pages = {101-136},
	Title = {Towards the ultimate conservative difference scheme V. A second-order sequel to Godunov's method},
	Volume = 32,
	Year = 1979}

@article{JOHNSEN_COLONIUS_JCP2006,
	Author = {Johnsen, E. and Colonius, T.},
	Journal = JCP,
	Pages = {715-732},
	Title = {Implementation of {WENO} schemes in compressible multicomponent flows},
	Volume = 219,
	Year = 2006}

@article{Eric2,
	Author = {Johnsen, E. and Ham, F.},
	Journal = {Journal of Computational Physics},
	Title = {Preventing numerical errors generated by interface-capturing schemes in compressible multi-material flow},
	Year = {In press, 2012}}

@article{Eric3,
	Author = {Johnsen, E.},
	Journal = {Journal of Computational Physics},
	Pages = {8665-8668},
	Title = {On the treatment of contact discontinuities using WENO schemes},
	Volume = 230,
	Year = 2011}

@article{ABGRALL_KARNI_JCP2001,
	Author = {Abgrall, R. and Karni, S.},
	Journal = JCP,
	Pages = {594-623},
	Title = {Computations of compressible multifluids},
	Volume = 169,
	Year = 2001}

@article{ABGRALL_JCP1996,
	Author = {Abgrall, R.},
	Journal = JCP,
	Pages = {150-160},
	Title = {How to prevent pressure oscillations in multicomponent flow calculations: {A} quasi conservative approach},
	Volume = 125,
	Year = 1996}

@article{SHYUE_JCP1998,
	Author = {Shyue, K. M.},
	Journal = JCP,
	Pages = {208-242},
	Title = {An efficient shock-capturing algorithm for compressible multicomponent problems},
	Volume = 142,
	Year = 1998}

@article{WangTCFC,
	Author = {Wang, S. P. and Anderson, M. H. and Oakley, J. G. and Corradini, M. L. and Bonazza, R.},
	Journal = {Journal of Computational Physics},
	Pages = {528-559},
	Title = {A thermodynamically consistent and fully conservative treatment of contact discontinuities for compressible multicomponent flows},
	Volume = 195,
	Year = 2004}

@article{levelset,
	Author = {Mulder, W. Osher, S. and Sethian, J.},
	Journal = {Journal of Computational Physics},
	Pages = {209-228},
	Title = {Computing interface motion: The compressible Rayleigh-Taylor and Kelvin-Helmholtz instabilities},
	Volume = 100,
	Year = 1992}

@article{HOUIM_KUO_JCP_2011,
	Author = {Houim, R. W. and Kuo, K. K.},
	Journal = JCP,
	Pages = {8527-8553},
	Title = {A low-dissipation and time-accurate method for compressible multi-component flow with variable specific heat ratios},
	Volume = 230,
	Year = 2011}

@article{Oran,
	Author = {Oran, E. S. and Weber, J. W. and Stefaniw, E. I. and Lefebvre, M. H. and Anderson Jr, J. D.},
	Journal = CF,
	Number = {1-2},
	Pages = {147-163},
	Title = {A numerical study of a two-dimensional {H2-O2-Ar} detonation using a detailed chemical reaction model},
	Volume = 113,
	Year = 1998}

@article{Gamezo,
	Author = {Gamezo, V. N. and Ogawa, T. and Oran, E. S.},
	Journal = CF,
	Number = {1-2},
	Pages = {302-315},
	Title = {Flame acceleration and {DDT} in channels with obstacles: {Effect} of obstacle spacing},
	Volume = 155,
	Year = 2008}

@article{TAYLOR_KESSLER_GAMEZO_ORAN_PCI34,
	Author = {Taylor, B. D. and Kessler, D. A. and Gamezo, V. N. and Oran, E. S.},
	Journal = PCI,
	Pages = {2009-2016},
	Title = {Numerical simulations of hydrogen detonations with detailed chemical kinetics},
	Volume = 34,
	Year = 2013}

@article{WENOlimiter,
	Author = {Zhong, X. and Shu, C.-W.},
	Journal = JCP,
	Pages = {397-415},
	Title = {A simple weighted essentially nonoscillatory limiter for {Runge-Kutta} discontinuous {Galerkin} methods},
	Volume = 232,
	Year = 2013}

@article{densitywave,
	Author = {Shu, C.-W. and Osher, S.},
	Journal = {Journal of Computational Physics},
	Pages = {32-78},
	Title = {Efficient implementation of essentially non-oscillatory shock-capturing schemes II},
	Volume = 83,
	Year = 1989}

@article{nonunityLewis,
	Author = {Katta, V.R. and Goss, L.P.},
	Journal = {Combustion and Flame},
	Number = {1-2},
	Pages = {60-74},
	Title = {Effect of nonunity Lewis number and finite-rate chemistry on the dynamics of a hydrogen-air jet diffusion flame},
	Volume = 96,
	Year = 1994}

@misc{CHEMKIN,
	Address = {Reaction Design, Inc., San Diego, CA},
	Author = {Kee, R. J. and Rupley, F. M. and Miller, J. A. and Coltrin, M. E. and Grcar, J. F. and Meeks, E. and Moffat, H. K. and Lutz, A. E. and Dixon-Lewis, G. and Smooke, M. D. and Warnatz, J. and Evans, G. H. and Larson, R. S. and Mitchell, R. E. and Petzold, L. R. and Reynolds, W. C. and Caracotsios, M. and Stewart, W. E. and Glarborg, P.},
	Title = {Chemkin Collection, Release 3.5},
	Year = {1999}}

@article{S3D1,
	Author = {Lu, T.F. and Yoo, C.S. and Chen, J.H. and Law, C.K.},
	Journal = {Journal of Fluid Mechanics},
	Pages = {45-64},
	Title = {Three-dimensional direct numerical simulation of a turbulent lifted hydrogen jet flame in heated coflow: a chemical explosive mode analysis},
	Volume = 652,
	Year = 2010}

@article{S3D2,
	Author = {Lignell, D.O. and Chen, J.H. and Smith, P.J.},
	Journal = {Combustion and Flame},
	Number = {1-2},
	Pages = {316-333},
	Title = {Three-dimensional direct numerical simulation of soot formation and transport in a temporally evolving nonpremixed ethylene jet flame},
	Volume = 155,
	Year = 2008}

@article{Mahesh1,
	Author = {Doom, J. and Hou, Y. and Mahesh, K.},
	Journal = {Journal of Computational Physics},
	Pages = {1136-1151},
	Title = {A Numerical Method for DNS/LES of Turbulent Reacting Flows},
	Volume = 226,
	Year = 2007}

@article{Mahesh2,
	Author = {Hou, Y. and Mahesh, K.},
	Journal = {Journal of Computational Physics},
	Pages = {205-221},
	Title = {A robust, colocated, implicit algorithm for direct numerical simulation of compressible, turbulent flows},
	Volume = 205,
	Year = 2005}

@article{GAMEZO_DESBORDS_ORAN_SW1999,
	Author = {Gamezo, V. N. and Desbords, D. and Oran, E. S.},
	Journal = SW,
	Pages = {11-17},
	Title = {Two-dimensional reactive flow dynamics in cellular detonation},
	Volume = 9,
	Year = 1999}

@article{Vigor,
	Author = {Choi, J.Y. and Kim, D.W. and Jeung, I.S. and Ma, F. and Yang, V.},
	Journal = {Proceedings of the Combustion Institute},
	Number = {2},
	Pages = {2473-2480},
	Title = {Cell-like structure of unstable oblique detonation wave from high-resolution numerical simulation},
	Volume = 31,
	Year = 2007}

@article{ZIEGLER_DEITERDING_SHEPHERD_PULLIN_JCP2011,
	Author = {Ziegler, J. L. and Deiterding, R. and Shepherd, J. E. and Pullin, D. I.},
	Journal = JCP,
	Number = 20,
	Pages = {7598-7630},
	Title = {An adaptive high-order hybrid scheme for compressive, viscous flows with detailed chemistry},
	Volume = 230,
	Year = 2011}

@article{CascadeCode,
	Author = {Larsson, J. and Vicquelin, R. and Bermejo-Moreno, I.},
	Journal = {Annual Research Briefs, Center for Turbulent Research, Stanford},
	Pages = {63-74},
	Title = {Large eddy simulations of the HyShot II scramjet},
	Year = 2011}

@article{PoinsotCode,
	Author = {Moureau, V. and Lartigue, G. and Sommerer, Y. and Angelberger, C. and Colin, O. and Poinsot, T.},
	Journal = {Journal of Computational Physics},
	Pages = {710-736},
	Title = {High-order methods for DNS and LES of compressible multi-component reacting flows on fixed and moving grids},
	Volume = 202,
	Year = 2005}

@article{TVBLIM_M_ESTIMATE,
	Author = {Cockburn, B. and Shu, C.-W.},
	Journal = {J. Sci. Comput.},
	Number = 186,
	Pages = {411-435},
	Title = {{TVB} {Runge-Kutta} Local Projection Discontinuous {Galerkin} Finite Element Method for Conservation Laws {II}: {General} Framework},
	Volume = 52,
	Year = 1989}

@article{COCKBURN_SHU_JSC01,
	Author = {Cockburn, B. and Shu, C.-W.},
	Journal = {J. Sci. Comput.},
	Number = {3},
	Pages = {173-261},
	Title = {{Runge-Kutta} discontinuous {Galerkin} methods for convection-dominated problems},
	Volume = {16},
	Year = {2001}}

@inproceedings{COCKBURN_KARNIADAKIS_SHU_99,
	Author = {Cockburn, B. and Karniadakis, G. E. and Shu, C.-W.},
	Booktitle = {Discontinuous {Galerkin} Methods},
	Editor = {Cockburn, B. and Karniadakis, G. E. and Shu, C.-W.},
	Pages = {3-50},
	Publisher = {Springer},
	Title = {The Development of Discontinuous {Galerkin} Methods},
	Year = {1999}}

@article{SUN_WHEELER_CMA2006,
	Author = {Sun, S. and Wheeler, M. F.},
	Journal = {Computers \& Mathematics with Applications},
	Pages = {637-650},
	Title = {Analysis of discontinuous {Galerkin} methods for multicomponent reaction transport problems},
	Volume = {52},
	Year = {2006}}

@incollection{DGAdv2,
	Address = {England},
	Author = {Cockburn, B.},
	Booktitle = {Encyclopedia of Computational Mechanics},
	Editor = {Borst, R. and Stein, E. and Hughes, T.J.R.},
	Pages = {91-123},
	Publisher = {John Wiley \& Sons, Ltd.},
	Title = {Discontinuous Galerkin Methods for Computational Fluid Dynamics},
	Volume = 3,
	Year = 2004}

@phdthesis{AUSTIN_DISSS2003,
	Author = {Austin, J. M.},
	School = {California Institute of Technology},
	Title = {The Role of Instability in Gaseous Detonation},
	Year = 2003}

@article{PINTGEN_ECKETT_AUSTIN_SHEPHERD_CF2003,
	Author = {Pintgen, F. and Eckett, C. A. and Austin, J. M. and Shepherd, J. E.},
	Journal = CF,
	Number = 3,
	Pages = {211-229},
	Title = {Direct observations of reaction zone structure in propagating detonations},
	Volume = 133,
	Year = 2003}

@article{SHARPE_JFM2001,
	Author = {Sharpe, G. J.},
	Journal = JFM,
	Pages = {31-51},
	Title = {Transverse waves in numerical simulations of cellular detonations},
	Volume = 447,
	Year = 2001}

@article{RADULESCU_SHARPE_LAW_LEE_JFM2007,
	Author = {Radulescu, M. I. and Sharpe, G. J. and Law, C. K. and Lee, J. H.},
	Journal = JFM,
	Pages = {31-81},
	Title = {The hydrodynamic structure of unstable cellular detonations},
	Volume = 580,
	Year = 2007}

@article{MAHMOUDI_MAZAHERI_PCI2011,
	Author = {Mahmoudi, Y. and Mazaheri, K.},
	Journal = PCI,
	Pages = {2187-2194},
	Title = {High resolution numerical simulation of the structure of 2-D gaseous detonations},
	Volume = 33,
	Year = 2011}

@article{DetonIntro5,
	Author = {Mazaheria, K. and Mahmoudia, Y. and Radulescub, M.I.},
	Journal = {Combustion and Flame},
	Number = 6,
	Pages = {2138-2154},
	Title = {Diffusion and hydrodynamic instabilities in gaseous detonations},
	Volume = 159,
	Year = 2012}

@article{ORAN_GAMEZO_CF2007,
	Author = {Oran, E. S. and Gamezo, V. N.},
	Journal = CF,
	Pages = {4-47},
	Title = {Origins of the deflagration-to-detonation transition in gas-phase combustion},
	Volume = 148,
	Year = 2007}

@misc{Hirsch,
	Author = {Hirsch, C.},
	Howpublished = {Butterworth-Heinemann},
	Title = {Numerical Computation of Internal and External Flows: The Fundamentals of Computational Fluid Dynamics},
	Year = 2007}

@article{GOU_SUN_CHEN_JU_CF2010,
	Author = {Gou, X. and Sun, W. and Chen, Z. and Ju, Y.},
	Journal = CF,
	Number = {6},
	Pages = {1111-1121},
	Title = {A dynamic multi-timescale method for combustion modeling with detailed and reduced chemical kinetic mechanisms},
	Volume = 157,
	Year = 2010}

@misc{GriMech3,
	Author = {Smith, G.P. and Golden, D.M. and Frenklach, M. and Moriarty, N.W. and Eiteneer, B. and Goldenberg, M. and Bowman, C.T. and Hanson, R.K. and Song, S. and Gardiner, W.C. and Lissianski, V.V. and Qin, Z.},
	Howpublished = {http://www.me.berkeley.edu/gri\_mech/}}

@article{WANG_ZHANG_SHU_NING_JCP2012,
	Author = {Wang, C. and Zhang, X. and Shu, C.-W. and Ning, J.},
	Journal = JCP,
	Number = 2,
	Pages = {653-665},
	Title = {Robust high order discontinuous {Galerkin} schemes for two-dimensional gaseous detonations},
	Volume = 231,
	Year = 2012}

@article{ZHANG_SHU_JCP2011,
	Author = {Zhang, X. and Shu, C.-W.},
	Journal = JCP,
	Number = 4,
	Pages = {1238-1248},
	Title = {Positivity-preserving high order discontinuous {Galerkin} schemes for compressible Euler equations with source terms},
	Volume = 230,
	Year = 2011}

@article{ZHONG_SHU_JCP2011_WENOLIMITER,
	Author = {Zhong, X. and Shu, C.-W.},
	Journal = {Journal of Computational Physics},
	Number = {1},
	Pages = {397-415},
	Title = {A simple weighted essentially nonoscillatory limiter for Runge-Kutta discontinuous Galerkin methods},
	Volume = 232,
	Year = 2013}

@techreport{MCBRIDE_ZEHE_GORDON_NASA_POLYNOMIALS2002,
	Author = {McBride, B. J. and Zehe, M. J. and Gordon, S.},
	Institution = {{NASA Glenn Research Center, Cleveland, OH}},
	Title = {{NASA Glenn} Coefficients for Calculating Thermodynamic Properties of Individual Species},
	Type = {{NASA/TP-2002-211556}},
	Year = {2002}}

@article{SSPRK33,
	Author = {Gottlieb, S. and Ketcheson, D. I. and Shu, C. W.},
	Journal = {J. Sci. Comput.},
	Pages = {251-289},
	Title = {High order strong stability preserving time discretizations},
	Volume = 38,
	Year = 2009}

@article{STABILITY_SSPRK3,
	Author = {Cockburn, B. and Shu, C. W.},
	Journal = {J. Sci. Comput.},
	Pages = {173-261},
	Title = {{Runge-Kutta} Discontinuous {Galerkin} Methods for Convection-Dominated Problems},
	Volume = 16,
	Year = 2001}

@misc{CVODE,
	Author = {Cohen, S.D. and Hindmarsh, A.C.},
	Howpublished = {Technical Report UCRL-MA-118618, LLNL},
	Title = {{CVODE} User Guide},
	Year = 1994}

@article{BUCKMASTER_CLAVIN_LINAN_MATALON_PETERS_SIVASHINSKY_WILLIAMS_PCI30,
	Author = {J. Buckmaster and P. Clavin and A. Li{\~{n}}\'{a}n and M. Matalon and N. Peters and G. Sivashinsky and F.A. Williams},
	Journal = PCI,
	Pages = {1--19},
	Title = {Combustion theory and modeling},
	Volume = 30,
	Year = 2005}

@article{CLAVIN_WILLIAMS_PTRSA2012,
	Author = {Clavin, P. and Williams, F. A.},
	Journal = {Phil. Trans. R. Soc. A},
	Pages = {597--624},
	Title = {Analytical studies of the dynamics of gaseous detonation},
	Volume = {370},
	Year = {2012}}

@book{ZELDOVICH_RAIZER_BOOK2002,
	Address = {Mineola, NY},
	Author = {Zeldovich, Y. A. and Raizer, Y. P.},
	Publisher = {Dover},
	Title = {Physics of Shock Waves and High-Temperature Hydrodynamic Phenomena},
	Year = {2002}}

@book{LINAN_WILLIAMS_BOOK1993,
	Author = {Li{\~{n}}\'{a}n, A. and Williams, F. A.},
	Publisher = {Oxford University Press},
	Title = {Fundamental Aspects of Combustion},
	Year = {1993}}

@book{HINZE_BOOK75,
	Author = {Hinze, J. O.},
	Edition = {2nd},
	Publisher = {McGraw-Hill},
	Title = {Turbulence},
	Year = {1975}}

@book{LAW_BOOK2006,
	Address = {Cambridge},
	Author = {Law, C. K.},
	Publisher = {Cambridge University Press},
	Title = {Combustion Physics},
	Year = {2006}}

@article{TU_ALIABADI_CNME2005,
	Author = {Tu, S. and Aliabadi, S.},
	Journal = {Commun. Numer. Meth Engng.},
	Pages = {735-745},
	Title = {Computation of high-temperature equilibrium airflows using discontinuous {Galerkin} finite element method},
	Volume = {21},
	Year = {2005}}

@article{SHIMADA_HANZAWA_MORITA_KATO_YOSHIKAWA_WADA_AIAAJ2008,
	Author = {Shimada, T. and Hanzawa, M. and Morita, T. and Kato, T. and Yoshikawa, T. and Wada, Y.},
	Journal = AIAAJ,
	Number = {4},
	Pages = {947-957},
	Title = {Stability Analysis of Solid Rocket Motor Combustion by Computational Fluid Dynamics},
	Volume = {46},
	Year = {2008}}

@techreport{PW_GE_REPORT_2005,
	Author = {{Pratt \& Whitney and General Electric Aircraft Engines}},
	Institution = {{NASA}},
	Title = {Critical Propulsion Components, {Volume 2: Combustor}},
	Type = {{NASA/CR-2005-213584/VOL2}},
	Year = {2005}}

@article{YULV_ASM_2013,
	Author = {Lv, Y. and Ihme, M.},
	Journal = {AIAA Paper 2013-0688},
	Title = {Development of Discontinuous {Galerkin} Method for Detonation and Supersonic Combustion},
	Year = {2013}}

@article{HAAS_STURTEVANT_JFM1987,
	Author = {Haas, J. F. and Sturtevant, B.},
	Journal = JFM,
	Pages = {41-76},
	Title = {Interactions of weak shock waves with cylindrical and spherical gas inhomogeneitiess},
	Volume = 181,
	Year = 1987}

@article{QUIRK_KARNI_JFM1996,
	Author = {Quirk, J. J. and Karni, S.},
	Journal = JFM,
	Pages = {129-163},
	Title = {On the dynamics of a shock-bubble interaction},
	Volume = 381,
	Year = 1996}

@article{MARQUINA_MULET_JCP2003,
	Author = {Marquina, A. and Mulet, P.},
	Journal = JCP,
	Pages = {120-138},
	Title = {A flux-split algorithm applied to conservative models for multicomponent compressible flows},
	Volume = 185,
	Year = 2003}

@article{TERASHIMA_TRYGVASON_JCP2009,
	Author = {Terashima, H. and Tryggvason, G.},
	Journal = JCP,
	Number = 11,
	Pages = {4012-4037},
	Title = {A front-tracking/ghost-fluid method for fluid interfaces in compressible flows},
	Volume = 228,
	Year = 2009}

@article{DGdeton1,
	Author = {Wang, C. and Zhang, X. and Shu, C.-W. and Ning, J.},
	Journal = {Journal of Computational Physics},
	Number = {2},
	Pages = {653-665},
	Title = {Robust high order discontinuous Galerkin schemes for two-dimensional gaseous detonations},
	Volume = 231,
	Year = 2012}

@article{DGdeton2,
	Author = {Zhang, X. and Shu, C.-W.},
	Journal = {Journal of Computational Physics},
	Number = {4},
	Pages = {1238-1248},
	Title = {Positivity-preserving high order discontinuous Galerkin schemes for compressible Euler equations with source terms},
	Volume = 230,
	Year = 2011}

@incollection{FEZOUI_CHALLENGE_REAL_GAS,
	Address = {Heidelberg},
	Author = {LARROUTUROU, B. and FEZOUI, L.},
	Booktitle = {Nonlineur Hyperbolic Problems},
	Editor = {Carasso Charrier Hanouzet Joly},
	Pages = {69-98},
	Publisher = {Springer-Verlag},
	Title = {On the Equations of Multi-component Perfect or Real Gas Inviscid Flow},
	Type = {Lecture Notes in Mathematics},
	Volume = 1402,
	Year = 1989}

@article{PINTGENA_DETONATION_TUBE_2003,
	Author = {Pintgena, F. and Ecketta, C.A. and Austina, J.M. and Shepherd, J.E.},
	Journal = {Combustion and Flame},
	Number = 3,
	Pages = {211-229},
	Title = {Direct observations of reaction zone structure in propagating detonations},
	Volume = 133,
	Year = 2003}

@article{HU_HUSSAINI_RESETARINERA_JCP1999,
	Author = {Hu, F. Q. and Hussaini, M. Y. and Rasetarinera, P.},
	Journal = JCP,
	Pages = {921-946},
	Title = {An Analysis of the Discontinuous {Galerkin} Method for Wave Propagation Problems},
	Volume = {151},
	Year = {1999}}

@inproceedings{SHERWIN_BOOKCHAPER1999,
	Author = {Sherwin, S.},
	Booktitle = {Discontinuous {Galerkin} Methods},
	Editor = {Cockburn, B. and Karniadakis, G. E. and Shu, C.-W.},
	Pages = {425-431},
	Publisher = {Springer},
	Title = {Dispersion analysis of the continuous and discontinuous {Galerkin} formulations},
	Year = {1999}}

@article{LV_IHME_JCPSUBMITTED,
	Author = {Lv, Y. and Ihme, M.},
	Note = {under review},
	Title = {Discontinuous {Galerkin} Method for Multi-Component Chemically Reacting Flows and Combustion},
	Year = {2013}}

@article{Liu_ALDDT_Exp,
	Author = {Liu, Q. and Li, X. and Bai, C.},
	Note = {Combustion and Flame},
	Number = 4,
	Pages = {914-921},
	Title = {Deflagration to detonation transition in aluminum dust/air mixture under weak ignition condition},
	Volume = {156},
	Year = {2009}}

@article{TEO_LEE_1991,
	Author = {Teodorczyk, A. and Lee, J.H.S and Knystautas, R.},
	Note = {Progress in Astronautics and Aeronautics},
	Pages = {223-240},
	Title = {Photographic Study of the Structure and Propagation Mechanisms of Quasi-Detonations in Rough Tubes},
	Volume = {133},
	Year = {1991}}
    
@article{LEWIS_1991,
	Author = {Lewis, G. D.},
	Journal = {Tenth International Symposium on Air-Breathing Engines},
	Pages = {625-629},
	Title = {A New Understanding of {NO$_x$} Formation},
	Year = {1991}}
