@String{JFM   = {J. Fluid Mech.}}
@String{JCP   = {J. Comp. Phys.}}
@String{JSV   = {J. Sound Vib.}}
@String{ARFM  = {Ann. Rev. Fluid Mech.}}
@String{ARPC  = {Ann. Rev. Phys. Chem.}}
@String{PRSL  = {Proc. R. Soc. London A}}
@String{PoF   = {Phys. Fluids}}
@String{PCI   = {Proc. Combust. Inst.}}
@String{PSTS   = {Proc. Shock Tube Symp.}}
@String{PoFA  = {Phys. Fluids A}}
@String{AIAAJ = {AIAA J.}}
@String{FTC   = {Flow, Turb. Combust.}}
@String{IJA   = {Inter. J. Aeroacoustics}}
@String{PAS   = {Prog. Aerospace Sci.}}
@String{JASA  = {J. Acoust. Soc. Amer.}}
@String{TCFM = {Theor. Comp. Fluid. Mech.}}
@String{TAMS  = {Trans. Amer. Math. Soc.}}
@String{CST   = {Combust. Sci. Tech.}}
@String{PECS  = {Prog. Energy Combust. Sci.}}
@String{CF    = {Combust. Flame}}
@String{CTM   = {Comb. Theory Modelling}}
@String{APB   = {Appl. Phys. B}}
@String{JPP   = {J. Prop. Power}}
@String{JCA   = {J. Comp. Acoustics}}
@String{ARB   = {Annual Research Briefs}}
@String{CTR   = {Center for Turbulence Research}}
@String{JHT   = {J. Heat Transfer}}
@String{SW    = {Shock Waves}}
@String{IJCK    = {Int. J. Chem. Kinet.}}

@ARTICLE{DUFF_POF1959,
 AUTHOR      = {Duff, R. E.},
 TITLE       = {Shock-tube performance at low initial pressure},
 YEAR        = {1959},
 JOURNAL     = POF,
 VOLUME      = {2},
 NUMBER      = {2},
 PAGES       = {207-216}
}

@TECHREPORT{MILLER_JONES_NASA1975,
 AUTHOR      = {Miller, C. G. and Jones, J. J.},
 TITLE       = {Incident shock wave characteristics in air, argon, carbon dioxide, and helium in a shock tube with unheated helium driver},
 YEAR        = {1975},
 INSTITUTION = {NASA Langley Research Center Hampton},
 TYPE        = {{Tech. Rep. TN D-8099}}
}

@ARTICLE{NAGAMUTSA_GEIGER_SHEER_ARS1959,
 AUTHOR      = {Nagamatsu, H. T. and Geiger, R. E. and Sheer, R. E.},
 TITLE       = {Hypersonic shock tunnel},
 YEAR        = {1959},
 JOURNAL     = {Am. Rocket Society J.},
 VOLUME      = {29},
 NUMBER      = {5},
 PAGES       = {332-340}
}

@ARTICLE{HUBER_JAS1958,
 AUTHOR      = {Huber, P. W.},
 TITLE       = {Note on hydrogen as a real gas driver for shock tubes},
 YEAR        = {1958},
 JOURNAL     = {J. Aeronaut. Sci.},
 VOLUME      = {269},
 PAGES       = {269}
}

@ARTICLE{OUTA_TAJIMA_HAYAKAWA_PISTS1975,
 AUTHOR      = {Outa, E. and Tajima, K. and Hayakawa, K.},
 TITLE       = {Shock tube flow influenced by diaphragm opening (two-dimensional flow near the diaphragm)},
 YEAR        = {1975},
 JOURNAL     = {Proceedings of the International Shock Tube Symposium},
 VOLUME      = {10},
 NUMBER      = {},
 PAGES       = {312-319}
}

@ARTICLE{STREHLOW_COHEN_JCP1959,
 AUTHOR      = {Strehlow, R. A. and Cohen, A.},
 TITLE       = {Limitations of the reflected shock technique for studying fast chemical reactions and its application 
                to the observation of relaxation in nitrogen and oxygen},
 YEAR        = {1959},
 JOURNAL     = {J. Chem. Phys.},
 VOLUME      = {30},
 NUMBER      = {},
 PAGES       = {257-265}
}

@ARTICLE{CENTER_POF1963,
 AUTHOR      = {Center, R.},
 TITLE       = {Reflected shock interaction with shock tube boundary layers},
 YEAR        = {1963},
 JOURNAL     = PoF,
 VOLUME      = {6},
 PAGES       = {307-308}
}

@ARTICLE{DYNER_POF1966,
 AUTHOR      = {Dyner, H. B.},
 TITLE       = {Density variation due to reflected shock-boundary layer interaction},
 YEAR        = {1966},
 JOURNAL     = PoF,
 VOLUME      = {9},
 PAGES       = {879-892}
}

@INPROCEEDINGS{HONDA_TAKAYAMA_ONODERA_KOHAMA_PISTS1975,
 AUTHOR      = {Honda, M. and Takayama, K. and Onodera, O. and Kohama, Y.},
 TITLE       = {Motion of reflected shock waves in shock tube},
 YEAR        = {1975},
 BOOKTITLE   = {Proc. of the 10th Intern. Shock Tube Symp.},
 NUMBER      = {},
 PAGES       = {312-319}
}

@INPROCEEDINGS{FOKEEV_GVOZDEVA_AIP1990,
 AUTHOR      = {Fokeev, V. P. and Gvozdeva, L. G.},
 TITLE       = {Study of bifurcation of reflected shock waves in channels of various cross‚Äêsections},
 YEAR        = {1990},
 BOOKTITLE   = {Current topics in shock waves 17th international symposium on shock waves and shock tube. 
                AIP Conference Proceedings},
 VOLUME      = {208},
 PAGES       = {862-866}
}

@INPROCEEDINGS{KLEINE_LYAKHOV_GVOZDEVA_GROENIG_SW1991,
 AUTHOR      = {Kleine, H. and Lyakhov, V. N. and Gvozdeva, L. G. and Gr\"onig, H.},
 TITLE       = {Bifurcation of a reflected shock wave in a shock tube},
 YEAR        = {1991},
 BOOKTITLE   = {Shock waves; Proceedings of the 18th International Symposium},
 VOLUME      = {1},
 PAGES       = {261-266}
}

@ARTICLE{BOWMAN_HANSON_JPC1979,
 AUTHOR      = {Bowman, C. T. and Hanson, R. K.},
 TITLE       = {Shock tube measurements of rate coefficients of elementary gas reactions},
 YEAR        = {1979},
 JOURNAL     = {J. Phys. Chem.},
 VOLUME      = {83},
 NUMBER      = {6},
 PAGES       = {757-763}
}

@ARTICLE{DAVIES_WILSON_POF1969,
 AUTHOR      = {Davies, L. and Wilson, J. L.},
 TITLE       = {Influence of reflected shock and boundary layer interaction on shock tube flows},
 YEAR        = {1969},
 JOURNAL     = PoF,
 VOLUME      = {12},
 NUMBER      = {5},
 PAGES       = {I37-I43}
}

@BOOK{DAVIES_BOOK1967,
 AUTHOR      = {Davies, L.},
 TITLE       = {The Interaction of the Reflected Shock with the Boundary Layer in a Shock Tube and 
                its Influence on the Duration of Hot Flow in the Reflected-shock Tunnel},
 YEAR        = {1967},
 PUBLISHER   = {H.M. Stationery Office}
}

@ARTICLE{YOO_MITCHELL_DAVIDSON_HANSON_SW2011,
 AUTHOR      = {Yoo, J. and Mitchell, D. and Davidson, D. F. and Hanson, R. K.},
 TITLE       = {Near-wall imaging using toluene-based planar laser-induced fluorescence in shock tube flow},
 YEAR        = {2011},
 JOURNAL     = SW,
 VOLUME      = {21},
 PAGES       = {523-532}
}

@ARTICLE{YOO_MITCHELL_DAVIDSON_HANSON_EF2010,
 AUTHOR      = {Yoo, J. and Mitchell, D. and Davidson, D. F. and Hanson, R. K.},
 TITLE       = {Planar laser-induced fluorescence imaging in shock tube flows},
 YEAR        = {2010},
 JOURNAL     = {Exp. Fluids},
 VOLUME      = {49},
 NUMBER      = {4},
 PAGES       = {751-759}
}


@ARTICLE{SANDERSON_AIAAJ1969,
 AUTHOR      = {Sanderson, R. J.},
 TITLE       = {Interpretation of pressure measurements behind the reflected shock in a rectangular shock tube},
 YEAR        = {1969},
 JOURNAL     = AIAAJ,
 VOLUME      = {7},
 PAGES       = {1370-1372}
}

@ARTICLE{DARU_TENAUD_CompFl2009,
 AUTHOR      = {Daru, V. and Tenaud, C.},
 TITLE       = {Numerical simulation of the viscous shock tube problem by using a high resolution monotonicity-preserving scheme},
 YEAR        = {2009},
 JOURNAL     = {Computers \& Fluids},
 VOLUME      = {38},
 PAGES       = {664-676}
}

@ARTICLE{VOEVODSKY_SOLOUKHIN_PCI10,
 AUTHOR      = {Voevodsky, V. V. and Soloukhin, R. I.},
 TITLE       = {On the mechanism and explosion limits of 
                hydrogen-oxygen chain self-ignition in shock waves},
 YEAR        = {1965},
 JOURNAL     = PCI,
 VOLUME      = {10},
 PAGES       = {279-283}
}

@ARTICLE{LI_IJCK07,
 AUTHOR      = {Li, H. and Owens, Z. C. and Davidson, D. F. and Hanson, R. K.},
 TITLE       = {A Simple Reactive Gasdynamic Model for Computation of Gas Temperatures and Species Concentrations behind Reflected Shock Waves},
 YEAR        = {2009},
 JOURNAL     = IJCK,
 PAGES       = {189-198}
}
